@Manual{R-base,
  title = {R: A Language and Environment for Statistical Computing},
  author = {{R Core Team}},
  organization = {R Foundation for Statistical Computing},
  address = {Vienna, Austria},
  year = {2021},
  url = {https://www.R-project.org/},
}

@Manual{R-renv,
  title = {renv: Project Environments},
  author = {Kevin Ushey},
  year = {2022},
  note = {R package version 0.15.5},
  url = {https://CRAN.R-project.org/package=renv},
}

@Article{R-tidyverse,
    title = {Welcome to the {tidyverse}},
    author = {Hadley Wickham and Mara Averick and Jennifer Bryan and Winston Chang and Lucy D'Agostino McGowan and Romain François and Garrett Grolemund and Alex Hayes and Lionel Henry and Jim Hester and Max Kuhn and Thomas Lin Pedersen and Evan Miller and Stephan Milton Bache and Kirill Müller and Jeroen Ooms and David Robinson and Dana Paige Seidel and Vitalie Spinu and Kohske Takahashi and Davis Vaughan and Claus Wilke and Kara Woo and Hiroaki Yutani},
    year = {2019},
    journal = {Journal of Open Source Software},
    volume = {4},
    number = {43},
    pages = {1686},
    doi = {10.21105/joss.01686},
}

@Manual{R-papaja,
  title = {{papaja}: {Prepare} reproducible {APA} journal articles with {R Markdown}},
  author = {Frederik Aust and Marius Barth},
  year = {2020},
  note = {R package version 0.1.0.9999},
  url = {https://github.com/crsh/papaja},
}

@Manual{R-tinylabels,
  title = {{tinylabels}: Lightweight Variable Labels},
  author = {Marius Barth},
  year = {2022},
  note = {R package version 0.2.3},
  url = {https://cran.r-project.org/package=tinylabels},
}

@Manual{R-geomtextpath,
  title = {geomtextpath: Curved Text in 'ggplot2'},
  author = {Allan Cameron and Teun {van den Brand}},
  year = {2022},
  note = {R package version 0.1.0},
  url = {https://CRAN.R-project.org/package=geomtextpath},
}

@Manual{R-gt,
  title = {gt: Easily Create Presentation-Ready Display Tables},
  author = {Richard Iannone and Joe Cheng and Barret Schloerke},
  year = {2022},
  note = {R package version 0.6.0},
  url = {https://CRAN.R-project.org/package=gt},
}

@Article{R-metafor,
  title = {Conducting meta-analyses in {R} with the {metafor} package},
  author = {Wolfgang Viechtbauer},
  journal = {Journal of Statistical Software},
  year = {2010},
  volume = {36},
  number = {3},
  pages = {1--48},
  url = {https://doi.org/10.18637/jss.v036.i03},
}

@Manual{R-patchwork,
  title = {patchwork: The Composer of Plots},
  author = {Thomas Lin Pedersen},
  year = {2022},
  note = {https://patchwork.data-imaginist.com,
https://github.com/thomasp85/patchwork},
}

@Book{R-plotly,
  author = {Carson Sievert},
  title = {Interactive Web-Based Data Visualization with R, plotly, and shiny},
  publisher = {Chapman and Hall/CRC},
  year = {2020},
  isbn = {9781138331457},
  url = {https://plotly-r.com},
}

@Misc{R-RoBMA,
  title = {RoBMA: An R Package for Robust Bayesian Meta-Analyses},
  author = {František Bartoš and Maximilian Maier},
  year = {2020},
  note = {R package version 2.2.2},
  url = {https://CRAN.R-project.org/package=RoBMA},
}

@Misc{R-zcurve,
  title = {zcurve: An R Package for Fitting Z-curves},
  author = {František Bartoš and Ulrich Schimmack},
  year = {2020},
  note = {R package version 2.1.2},
  url = {https://CRAN.R-project.org/package=zcurve},
}

@Manual{R-invgamma,
    title = {invgamma: The Inverse Gamma Distribution},
    author = {David Kahle and James Stamey},
    year = {2017},
    note = {R package version 1.1},
    url = {https://CRAN.R-project.org/package=invgamma},
  }

@Manual{R-pwr,
    title = {pwr: Basic Functions for Power Analysis},
    author = {Stephane Champely},
    year = {2020},
    note = {R package version 1.3-0},
    url = {https://CRAN.R-project.org/package=pwr},
  }

@Manual{R-truncdist,
    title = {truncdist: Truncated Random Variables},
    author = {Frederick Novomestky and Saralees Nadarajah},
    year = {2016},
    note = {R package version 1.0-2},
    url = {https://CRAN.R-project.org/package=truncdist},
  }

